<?xml version="1.0" encoding="UTF-8"?><collection xmlns="http://www.loc.gov/MARC21/slim"><record><leader>00394nam--2200145-i-4500</leader><controlfield tag="001">000006317</controlfield><controlfield tag="002">20161230</controlfield><controlfield tag="005">20170209235202</controlfield><controlfield tag="008">060222s1000------------r-----000-0-eng-d</controlfield><datafield ind1=" " ind2=" " tag="100"><subfield code="a">Dunster, H. J</subfield></datafield><datafield ind1=" " ind2=" " tag="245"><subfield code="a">The practice of waste disposal in the united kingdom atomic energy authority</subfield></datafield><datafield ind1=" " ind2=" " tag="260"><subfield code="a">Monaco</subfield><subfield code="b">I.A.E.A</subfield><subfield code="c">1959</subfield></datafield><datafield ind1=" " ind2=" " tag="300"><subfield code="a">7 p</subfield></datafield><datafield ind1=" " ind2=" " tag="852"><subfield code="a">621.039.7</subfield></datafield><datafield ind1=" " ind2=" " tag="CAT"><subfield code="a">SYS</subfield><subfield code="c">20170209</subfield><subfield code="h">235202</subfield></datafield></record></collection>